@misc{MA17,
   title={Pseudo-Bayesian quantum tomography with rank-adaptation},
   author={Mai, The Tien and Alquier, Pierre},
   year={2017}
}

@unpublished{ACMT2024,
author  = {Adel, Tameem and Chrétien, Stéphane and Massart, Estelle and Thompson, Andrew},
title   = {A projected Langevin sampling algorithm for quantum
tomography},
year    = {2024},
}